<record><leader>00000cas a22000007a 4500</leader><controlfield tag="001">12438169</controlfield><controlfield tag="008">850829d188u19uualuwr ne      0    0eng d</controlfield><datafield ind1=" " ind2=" " tag="010"><subfield code="a">sn 85044919 </subfield></datafield><datafield ind1=" " ind2=" " tag="040"><subfield code="a">ALM</subfield><subfield code="b">eng</subfield><subfield code="c">ALM</subfield><subfield code="d">CPN</subfield><subfield code="d">OCLCQ</subfield></datafield><datafield ind1=" " ind2=" " tag="042"><subfield code="a">msc</subfield></datafield><datafield ind1="0" ind2="4" tag="245"><subfield code="a">The Decatur weekly news.</subfield></datafield><datafield ind1="1" ind2="3" tag="246"><subfield code="a">Decatur news &amp; critic</subfield></datafield><datafield ind1=" " ind2=" " tag="260"><subfield code="a">Decatur, Ala. :</subfield><subfield code="b">L. Hensly Grubbs</subfield></datafield><datafield ind1=" " ind2=" " tag="300"><subfield code="a">v.</subfield></datafield><datafield ind1=" " ind2=" " tag="310"><subfield code="a">Weekly</subfield></datafield><datafield ind1=" " ind2=" " tag="500"><subfield code="a">Editor: L. Hensly Grubbs.</subfield></datafield><datafield ind1=" " ind2=" " tag="588"><subfield code="a">Description based on: Vol. 12, no. 9 (Jan. 13, 1882).</subfield></datafield><datafield ind1="1" ind2=" " tag="700"><subfield code="a">Grubbs, L. Hensly.</subfield></datafield><datafield ind1=" " ind2=" " tag="752"><subfield code="a">United States</subfield><subfield code="b">Alabama</subfield><subfield code="c">Morgan</subfield><subfield code="d">Decatur.</subfield></datafield><datafield ind1="0" ind2="0" tag="780"><subfield code="t">Decatur news</subfield><subfield code="w">(DLC)sn 85033056</subfield></datafield><datafield ind1="1" ind2=" " tag="029"><subfield code="a">AU@</subfield><subfield code="b">000025831612</subfield></datafield></record>